%YAML 1.1
%TAG !u! tag:unity3d.com,2011:
--- !u!29 &1
OcclusionCullingSettings:
  m_ObjectHideFlags: 0
  serializedVersion: 2
  m_OcclusionBakeSettings:
    smallestOccluder: 5
    smallestHole: 0.25
    backfaceThreshold: 100
  m_SceneGUID: 00000000000000000000000000000000
  m_OcclusionCullingData: {fileID: 0}
--- !u!104 &2
RenderSettings:
  m_ObjectHideFlags: 0
  serializedVersion: 8
  m_Fog: 0
  m_FogColor: {r: 0.5, g: 0.5, b: 0.5, a: 1}
  m_FogMode: 3
  m_FogDensity: 0.01
  m_LinearFogStart: 0
  m_LinearFogEnd: 300
  m_AmbientSkyColor: {r: 0.212, g: 0.227, b: 0.259, a: 1}
  m_AmbientEquatorColor: {r: 0.114, g: 0.125, b: 0.133, a: 1}
  m_AmbientGroundColor: {r: 0.047, g: 0.043, b: 0.035, a: 1}
  m_AmbientIntensity: 1
  m_AmbientMode: 0
  m_SubtractiveShadowColor: {r: 0.42, g: 0.478, b: 0.627, a: 1}
  m_SkyboxMaterial: {fileID: 10304, guid: 0000000000000000f000000000000000, type: 0}
  m_HaloStrength: 0.5
  m_FlareStrength: 1
  m_FlareFadeSpeed: 3
  m_HaloTexture: {fileID: 0}
  m_SpotCookie: {fileID: 10001, guid: 0000000000000000e000000000000000, type: 0}
  m_DefaultReflectionMode: 0
  m_DefaultReflectionResolution: 128
  m_ReflectionBounces: 1
  m_ReflectionIntensity: 1
  m_CustomReflection: {fileID: 0}
  m_Sun: {fileID: 0}
  m_IndirectSpecularColor: {r: 0.44657844, g: 0.49641222, b: 0.57481694, a: 1}
--- !u!157 &3
LightmapSettings:
  m_ObjectHideFlags: 0
  serializedVersion: 11
  m_GIWorkflowMode: 0
  m_GISettings:
    serializedVersion: 2
    m_BounceScale: 1
    m_IndirectOutputScale: 1
    m_AlbedoBoost: 1
    m_TemporalCoherenceThreshold: 1
    m_EnvironmentLightingMode: 0
    m_EnableBakedLightmaps: 1
    m_EnableRealtimeLightmaps: 1
  m_LightmapEditorSettings:
    serializedVersion: 9
    m_Resolution: 2
    m_BakeResolution: 40
    m_TextureWidth: 1024
    m_TextureHeight: 1024
    m_AO: 0
    m_AOMaxDistance: 1
    m_CompAOExponent: 1
    m_CompAOExponentDirect: 0
    m_Padding: 2
    m_LightmapParameters: {fileID: 0}
    m_LightmapsBakeMode: 1
    m_TextureCompression: 1
    m_FinalGather: 0
    m_FinalGatherFiltering: 1
    m_FinalGatherRayCount: 256
    m_ReflectionCompression: 2
    m_MixedBakeMode: 2
    m_BakeBackend: 0
    m_PVRSampling: 1
    m_PVRDirectSampleCount: 32
    m_PVRSampleCount: 500
    m_PVRBounces: 2
    m_PVRFilterTypeDirect: 0
    m_PVRFilterTypeIndirect: 0
    m_PVRFilterTypeAO: 0
    m_PVRFilteringMode: 1
    m_PVRCulling: 1
    m_PVRFilteringGaussRadiusDirect: 1
    m_PVRFilteringGaussRadiusIndirect: 5
    m_PVRFilteringGaussRadiusAO: 2
    m_PVRFilteringAtrousPositionSigmaDirect: 0.5
    m_PVRFilteringAtrousPositionSigmaIndirect: 2
    m_PVRFilteringAtrousPositionSigmaAO: 1
    m_ShowResolutionOverlay: 1
  m_LightingDataAsset: {fileID: 0}
  m_UseShadowmask: 1
--- !u!196 &4
NavMeshSettings:
  serializedVersion: 2
  m_ObjectHideFlags: 0
  m_BuildSettings:
    serializedVersion: 2
    agentTypeID: 0
    agentRadius: 0.5
    agentHeight: 2
    agentSlope: 45
    agentClimb: 0.4
    ledgeDropHeight: 0
    maxJumpAcrossDistance: 0
    minRegionArea: 2
    manualCellSize: 0
    cellSize: 0.16666667
    manualTileSize: 0
    tileSize: 256
    accuratePlacement: 0
    debug:
      m_Flags: 0
  m_NavMeshData: {fileID: 0}
--- !u!1001 &16790877
Prefab:
  m_ObjectHideFlags: 0
  serializedVersion: 2
  m_Modification:
    m_TransformParent: {fileID: 0}
    m_Modifications:
    - target: {fileID: 400000, guid: f0fb9410ca65ffb46ae130654ef2012b, type: 3}
      propertyPath: m_LocalPosition.x
      value: 2.44
      objectReference: {fileID: 0}
    - target: {fileID: 400000, guid: f0fb9410ca65ffb46ae130654ef2012b, type: 3}
      propertyPath: m_LocalPosition.y
      value: 0
      objectReference: {fileID: 0}
    - target: {fileID: 400000, guid: f0fb9410ca65ffb46ae130654ef2012b, type: 3}
      propertyPath: m_LocalPosition.z
      value: -6.95
      objectReference: {fileID: 0}
    - target: {fileID: 400000, guid: f0fb9410ca65ffb46ae130654ef2012b, type: 3}
      propertyPath: m_LocalRotation.x
      value: -0
      objectReference: {fileID: 0}
    - target: {fileID: 400000, guid: f0fb9410ca65ffb46ae130654ef2012b, type: 3}
      propertyPath: m_LocalRotation.y
      value: -0.7071058
      objectReference: {fileID: 0}
    - target: {fileID: 400000, guid: f0fb9410ca65ffb46ae130654ef2012b, type: 3}
      propertyPath: m_LocalRotation.z
      value: -0
      objectReference: {fileID: 0}
    - target: {fileID: 400000, guid: f0fb9410ca65ffb46ae130654ef2012b, type: 3}
      propertyPath: m_LocalRotation.w
      value: 0.7071078
      objectReference: {fileID: 0}
    - target: {fileID: 400000, guid: f0fb9410ca65ffb46ae130654ef2012b, type: 3}
      propertyPath: m_RootOrder
      value: 1
      objectReference: {fileID: 0}
    - target: {fileID: 400000, guid: f0fb9410ca65ffb46ae130654ef2012b, type: 3}
      propertyPath: m_LocalEulerAnglesHint.y
      value: -90.00001
      objectReference: {fileID: 0}
    - target: {fileID: 9500000, guid: f0fb9410ca65ffb46ae130654ef2012b, type: 3}
      propertyPath: m_Controller
      value: 
      objectReference: {fileID: 9100000, guid: eeae435657bab8d4abbff187d8cdc7b3, type: 2}
    m_RemovedComponents: []
  m_ParentPrefab: {fileID: 100100000, guid: f0fb9410ca65ffb46ae130654ef2012b, type: 3}
  m_IsPrefabParent: 0
--- !u!1 &45319663
GameObject:
  m_ObjectHideFlags: 0
  m_PrefabParentObject: {fileID: 100018, guid: 11174d17e7f929f48acf2a9fe2de5535, type: 3}
  m_PrefabInternal: {fileID: 0}
  serializedVersion: 5
  m_Component:
  - component: {fileID: 45319664}
  m_Layer: 0
  m_Name: tb:Left_AnkleJoint01
  m_TagString: Untagged
  m_Icon: {fileID: 0}
  m_NavMeshLayer: 0
  m_StaticEditorFlags: 0
  m_IsActive: 1
--- !u!4 &45319664
Transform:
  m_ObjectHideFlags: 0
  m_PrefabParentObject: {fileID: 400018, guid: 11174d17e7f929f48acf2a9fe2de5535, type: 3}
  m_PrefabInternal: {fileID: 0}
  m_GameObject: {fileID: 45319663}
  m_LocalRotation: {x: 0, y: -0, z: -0, w: 1}
  m_LocalPosition: {x: -0.1418598, y: -0.07862165, z: -0.013822556}
  m_LocalScale: {x: 1, y: 1, z: 1}
  m_Children:
  - {fileID: 755955070}
  m_Father: {fileID: 791900626}
  m_RootOrder: 0
  m_LocalEulerAnglesHint: {x: 0, y: 0, z: 0}
--- !u!95 &53805829 stripped
Animator:
  m_PrefabParentObject: {fileID: 9500000, guid: 97f8654d381e1cf4eb262009dc8123a9,
    type: 3}
  m_PrefabInternal: {fileID: 2042389746}
--- !u!1 &212099493
GameObject:
  m_ObjectHideFlags: 0
  m_PrefabParentObject: {fileID: 100036, guid: 11174d17e7f929f48acf2a9fe2de5535, type: 3}
  m_PrefabInternal: {fileID: 0}
  serializedVersion: 5
  m_Component:
  - component: {fileID: 212099494}
  m_Layer: 0
  m_Name: tb:Right_ArmJoint01
  m_TagString: Untagged
  m_Icon: {fileID: 0}
  m_NavMeshLayer: 0
  m_StaticEditorFlags: 0
  m_IsActive: 1
--- !u!4 &212099494
Transform:
  m_ObjectHideFlags: 0
  m_PrefabParentObject: {fileID: 400036, guid: 11174d17e7f929f48acf2a9fe2de5535, type: 3}
  m_PrefabInternal: {fileID: 0}
  m_GameObject: {fileID: 212099493}
  m_LocalRotation: {x: -0.043240905, y: -0.062079195, z: 0.14144413, w: 0.9870512}
  m_LocalPosition: {x: 0.071219735, y: -0.002060022, z: -1.7763568e-17}
  m_LocalScale: {x: 1, y: 1, z: 1}
  m_Children:
  - {fileID: 1166967083}
  m_Father: {fileID: 1340284885}
  m_RootOrder: 0
  m_LocalEulerAnglesHint: {x: 0, y: 0, z: 0}
--- !u!1 &250840528
GameObject:
  m_ObjectHideFlags: 0
  m_PrefabParentObject: {fileID: 100052, guid: 11174d17e7f929f48acf2a9fe2de5535, type: 3}
  m_PrefabInternal: {fileID: 0}
  serializedVersion: 5
  m_Component:
  - component: {fileID: 250840529}
  - component: {fileID: 250840530}
  m_Layer: 0
  m_Name: tb:Teddy_Bear
  m_TagString: Untagged
  m_Icon: {fileID: 0}
  m_NavMeshLayer: 0
  m_StaticEditorFlags: 0
  m_IsActive: 1
--- !u!4 &250840529
Transform:
  m_ObjectHideFlags: 0
  m_PrefabParentObject: {fileID: 400052, guid: 11174d17e7f929f48acf2a9fe2de5535, type: 3}
  m_PrefabInternal: {fileID: 0}
  m_GameObject: {fileID: 250840528}
  m_LocalRotation: {x: 0, y: -0, z: -0, w: 1}
  m_LocalPosition: {x: -0, y: 0, z: 0}
  m_LocalScale: {x: 70.5304, y: 70.5304, z: 70.5304}
  m_Children: []
  m_Father: {fileID: 389365608}
  m_RootOrder: 1
  m_LocalEulerAnglesHint: {x: 0, y: 0, z: 0}
--- !u!137 &250840530
SkinnedMeshRenderer:
  m_ObjectHideFlags: 0
  m_PrefabParentObject: {fileID: 13700000, guid: 11174d17e7f929f48acf2a9fe2de5535,
    type: 3}
  m_PrefabInternal: {fileID: 0}
  m_GameObject: {fileID: 250840528}
  m_Enabled: 1
  m_CastShadows: 1
  m_ReceiveShadows: 1
  m_DynamicOccludee: 1
  m_MotionVectors: 1
  m_LightProbeUsage: 1
  m_ReflectionProbeUsage: 1
  m_Materials:
  - {fileID: 2100000, guid: 11174d17e7f929f48acf2a9fe2de5535, type: 3}
  m_StaticBatchInfo:
    firstSubMesh: 0
    subMeshCount: 0
  m_StaticBatchRoot: {fileID: 0}
  m_ProbeAnchor: {fileID: 0}
  m_LightProbeVolumeOverride: {fileID: 0}
  m_ScaleInLightmap: 1
  m_PreserveUVs: 0
  m_IgnoreNormalsForChartDetection: 0
  m_ImportantGI: 0
  m_StitchLightmapSeams: 0
  m_SelectedEditorRenderState: 3
  m_MinimumChartSize: 4
  m_AutoUVMaxDistance: 0.5
  m_AutoUVMaxAngle: 89
  m_LightmapParameters: {fileID: 0}
  m_SortingLayerID: 0
  m_SortingLayer: 0
  m_SortingOrder: 0
  serializedVersion: 2
  m_Quality: 0
  m_UpdateWhenOffscreen: 0
  m_SkinnedMotionVectors: 1
  m_Mesh: {fileID: 4300000, guid: 11174d17e7f929f48acf2a9fe2de5535, type: 3}
  m_Bones:
  - {fileID: 1794091916}
  - {fileID: 806356458}
  - {fileID: 772956474}
  - {fileID: 437990995}
  - {fileID: 755955070}
  - {fileID: 45319664}
  - {fileID: 791900626}
  - {fileID: 503657707}
  - {fileID: 822333991}
  - {fileID: 1716092037}
  - {fileID: 1166967083}
  - {fileID: 212099494}
  - {fileID: 1340284885}
  - {fileID: 1625846175}
  - {fileID: 2008537738}
  - {fileID: 1000276863}
  - {fileID: 693165698}
  - {fileID: 396369181}
  - {fileID: 1118948031}
  - {fileID: 688240931}
  m_BlendShapeWeights: []
  m_RootBone: {fileID: 688240931}
  m_AABB:
    m_Center: {x: -0.079603374, y: -0.034485906, z: 0.0010970235}
    m_Extent: {x: 0.6338765, y: 0.30538577, z: 0.5588928}
  m_DirtyAABB: 0
--- !u!95 &388397495 stripped
Animator:
  m_PrefabParentObject: {fileID: 9500000, guid: f0fb9410ca65ffb46ae130654ef2012b,
    type: 3}
  m_PrefabInternal: {fileID: 16790877}
--- !u!1 &389365606
GameObject:
  m_ObjectHideFlags: 0
  m_PrefabParentObject: {fileID: 100000, guid: 11174d17e7f929f48acf2a9fe2de5535, type: 3}
  m_PrefabInternal: {fileID: 0}
  serializedVersion: 5
  m_Component:
  - component: {fileID: 389365608}
  - component: {fileID: 389365607}
  m_Layer: 0
  m_Name: 1.teddy_and_wood
  m_TagString: Untagged
  m_Icon: {fileID: 0}
  m_NavMeshLayer: 0
  m_StaticEditorFlags: 0
  m_IsActive: 1
--- !u!95 &389365607
Animator:
  serializedVersion: 3
  m_ObjectHideFlags: 0
  m_PrefabParentObject: {fileID: 9500000, guid: 11174d17e7f929f48acf2a9fe2de5535,
    type: 3}
  m_PrefabInternal: {fileID: 0}
  m_GameObject: {fileID: 389365606}
  m_Enabled: 1
  m_Avatar: {fileID: 9000000, guid: 11174d17e7f929f48acf2a9fe2de5535, type: 3}
  m_Controller: {fileID: 9100000, guid: 749040d94c503384b8d884f34e5a8d61, type: 2}
  m_CullingMode: 1
  m_UpdateMode: 0
  m_ApplyRootMotion: 1
  m_LinearVelocityBlending: 0
  m_WarningMessage: 
  m_HasTransformHierarchy: 1
  m_AllowConstantClipSamplingOptimization: 1
--- !u!4 &389365608
Transform:
  m_ObjectHideFlags: 0
  m_PrefabParentObject: {fileID: 400000, guid: 11174d17e7f929f48acf2a9fe2de5535, type: 3}
  m_PrefabInternal: {fileID: 0}
  m_GameObject: {fileID: 389365606}
  m_LocalRotation: {x: -0, y: 0.7071084, z: -0, w: 0.7071053}
  m_LocalPosition: {x: 0, y: 0, z: -6.69}
  m_LocalScale: {x: 1, y: 1, z: 1}
  m_Children:
  - {fileID: 688240931}
  - {fileID: 250840529}
  m_Father: {fileID: 0}
  m_RootOrder: 2
  m_LocalEulerAnglesHint: {x: 0, y: 90.00001, z: 0}
--- !u!1 &396369180
GameObject:
  m_ObjectHideFlags: 0
  m_PrefabParentObject: {fileID: 100014, guid: 11174d17e7f929f48acf2a9fe2de5535, type: 3}
  m_PrefabInternal: {fileID: 0}
  serializedVersion: 5
  m_Component:
  - component: {fileID: 396369181}
  m_Layer: 0
  m_Name: tb:HeadJoint01
  m_TagString: Untagged
  m_Icon: {fileID: 0}
  m_NavMeshLayer: 0
  m_StaticEditorFlags: 0
  m_IsActive: 1
--- !u!4 &396369181
Transform:
  m_ObjectHideFlags: 0
  m_PrefabParentObject: {fileID: 400014, guid: 11174d17e7f929f48acf2a9fe2de5535, type: 3}
  m_PrefabInternal: {fileID: 0}
  m_GameObject: {fileID: 396369180}
  m_LocalRotation: {x: 0, y: -0, z: -9.15934e-16, w: 1}
  m_LocalPosition: {x: -0.18933514, y: 3.315906e-17, z: 9.467183e-17}
  m_LocalScale: {x: 1, y: 1, z: 1}
  m_Children: []
  m_Father: {fileID: 1118948031}
  m_RootOrder: 0
  m_LocalEulerAnglesHint: {x: 0, y: 0, z: 0}
--- !u!1 &437990994
GameObject:
  m_ObjectHideFlags: 0
  m_PrefabParentObject: {fileID: 100044, guid: 11174d17e7f929f48acf2a9fe2de5535, type: 3}
  m_PrefabInternal: {fileID: 0}
  serializedVersion: 5
  m_Component:
  - component: {fileID: 437990995}
  m_Layer: 0
  m_Name: tb:Right_ThighJoint01
  m_TagString: Untagged
  m_Icon: {fileID: 0}
  m_NavMeshLayer: 0
  m_StaticEditorFlags: 0
  m_IsActive: 1
--- !u!4 &437990995
Transform:
  m_ObjectHideFlags: 0
  m_PrefabParentObject: {fileID: 400044, guid: 11174d17e7f929f48acf2a9fe2de5535, type: 3}
  m_PrefabInternal: {fileID: 0}
  m_GameObject: {fileID: 437990994}
  m_LocalRotation: {x: 0.7333284, y: -0.6798746, z: -0.0000000050654627, w: 0.0000000054637246}
  m_LocalPosition: {x: 0.0026949616, y: -0.04790278, z: -0.15449299}
  m_LocalScale: {x: 1, y: 1, z: 1}
  m_Children:
  - {fileID: 772956474}
  m_Father: {fileID: 822333991}
  m_RootOrder: 1
  m_LocalEulerAnglesHint: {x: 0, y: 0, z: 0}
--- !u!1001 &478586179
Prefab:
  m_ObjectHideFlags: 0
  serializedVersion: 2
  m_Modification:
    m_TransformParent: {fileID: 0}
    m_Modifications:
    - target: {fileID: 400000, guid: fdccc3c9c3ae33f449476cfa8de48fe5, type: 3}
      propertyPath: m_LocalPosition.x
      value: -2.678
      objectReference: {fileID: 0}
    - target: {fileID: 400000, guid: fdccc3c9c3ae33f449476cfa8de48fe5, type: 3}
      propertyPath: m_LocalPosition.y
      value: 0.004979123
      objectReference: {fileID: 0}
    - target: {fileID: 400000, guid: fdccc3c9c3ae33f449476cfa8de48fe5, type: 3}
      propertyPath: m_LocalPosition.z
      value: -6.8
      objectReference: {fileID: 0}
    - target: {fileID: 400000, guid: fdccc3c9c3ae33f449476cfa8de48fe5, type: 3}
      propertyPath: m_LocalRotation.x
      value: -0
      objectReference: {fileID: 0}
    - target: {fileID: 400000, guid: fdccc3c9c3ae33f449476cfa8de48fe5, type: 3}
      propertyPath: m_LocalRotation.y
      value: 0.7073346
      objectReference: {fileID: 0}
    - target: {fileID: 400000, guid: fdccc3c9c3ae33f449476cfa8de48fe5, type: 3}
      propertyPath: m_LocalRotation.z
      value: -0
      objectReference: {fileID: 0}
    - target: {fileID: 400000, guid: fdccc3c9c3ae33f449476cfa8de48fe5, type: 3}
      propertyPath: m_LocalRotation.w
      value: -0.70687896
      objectReference: {fileID: 0}
    - target: {fileID: 400000, guid: fdccc3c9c3ae33f449476cfa8de48fe5, type: 3}
      propertyPath: m_RootOrder
      value: 7
      objectReference: {fileID: 0}
    - target: {fileID: 9500000, guid: fdccc3c9c3ae33f449476cfa8de48fe5, type: 3}
      propertyPath: m_Controller
      value: 
      objectReference: {fileID: 9100000, guid: ee7dee0f9d563974fb471054cbe35a18, type: 2}
    - target: {fileID: 400000, guid: fdccc3c9c3ae33f449476cfa8de48fe5, type: 3}
      propertyPath: m_LocalEulerAnglesHint.y
      value: 269.963
      objectReference: {fileID: 0}
    - target: {fileID: 400094, guid: fdccc3c9c3ae33f449476cfa8de48fe5, type: 3}
      propertyPath: m_LocalPosition.x
      value: 0
      objectReference: {fileID: 0}
    - target: {fileID: 400094, guid: fdccc3c9c3ae33f449476cfa8de48fe5, type: 3}
      propertyPath: m_LocalPosition.z
      value: 0
      objectReference: {fileID: 0}
    - target: {fileID: 400094, guid: fdccc3c9c3ae33f449476cfa8de48fe5, type: 3}
      propertyPath: m_LocalRotation.x
      value: -0
      objectReference: {fileID: 0}
    - target: {fileID: 400014, guid: fdccc3c9c3ae33f449476cfa8de48fe5, type: 3}
      propertyPath: m_LocalRotation.x
      value: -0
      objectReference: {fileID: 0}
    - target: {fileID: 400014, guid: fdccc3c9c3ae33f449476cfa8de48fe5, type: 3}
      propertyPath: m_LocalRotation.y
      value: -2.910381e-11
      objectReference: {fileID: 0}
    - target: {fileID: 400014, guid: fdccc3c9c3ae33f449476cfa8de48fe5, type: 3}
      propertyPath: m_LocalRotation.z
      value: -0.000000019237618
      objectReference: {fileID: 0}
    - target: {fileID: 400014, guid: fdccc3c9c3ae33f449476cfa8de48fe5, type: 3}
      propertyPath: m_LocalPosition.x
      value: 0.021560395
      objectReference: {fileID: 0}
    - target: {fileID: 400014, guid: fdccc3c9c3ae33f449476cfa8de48fe5, type: 3}
      propertyPath: m_LocalPosition.y
      value: 0.0000021583273
      objectReference: {fileID: 0}
    - target: {fileID: 400014, guid: fdccc3c9c3ae33f449476cfa8de48fe5, type: 3}
      propertyPath: m_LocalPosition.z
      value: 0.000000073868875
      objectReference: {fileID: 0}
    - target: {fileID: 400100, guid: fdccc3c9c3ae33f449476cfa8de48fe5, type: 3}
      propertyPath: m_LocalRotation.x
      value: -0
      objectReference: {fileID: 0}
    - target: {fileID: 400100, guid: fdccc3c9c3ae33f449476cfa8de48fe5, type: 3}
      propertyPath: m_LocalRotation.z
      value: -0.0000000037252876
      objectReference: {fileID: 0}
    - target: {fileID: 400100, guid: fdccc3c9c3ae33f449476cfa8de48fe5, type: 3}
      propertyPath: m_LocalPosition.x
      value: -0.02156125
      objectReference: {fileID: 0}
    - target: {fileID: 400100, guid: fdccc3c9c3ae33f449476cfa8de48fe5, type: 3}
      propertyPath: m_LocalPosition.y
      value: 0.0000000147556
      objectReference: {fileID: 0}
    - target: {fileID: 400100, guid: fdccc3c9c3ae33f449476cfa8de48fe5, type: 3}
      propertyPath: m_LocalPosition.z
      value: -0.0000000037252683
      objectReference: {fileID: 0}
    - target: {fileID: 100000, guid: fdccc3c9c3ae33f449476cfa8de48fe5, type: 3}
      propertyPath: m_Name
      value: Character_180_A (1)
      objectReference: {fileID: 0}
    m_RemovedComponents: []
  m_ParentPrefab: {fileID: 100100000, guid: fdccc3c9c3ae33f449476cfa8de48fe5, type: 3}
  m_IsPrefabParent: 0
--- !u!1 &478586180 stripped
GameObject:
  m_PrefabParentObject: {fileID: 100106, guid: fdccc3c9c3ae33f449476cfa8de48fe5, type: 3}
  m_PrefabInternal: {fileID: 478586179}
--- !u!135 &478586181
SphereCollider:
  m_ObjectHideFlags: 0
  m_PrefabParentObject: {fileID: 0}
  m_PrefabInternal: {fileID: 0}
  m_GameObject: {fileID: 478586180}
  m_Material: {fileID: 0}
  m_IsTrigger: 1
  m_Enabled: 1
  serializedVersion: 2
  m_Radius: 0.2
  m_Center: {x: 0, y: 0, z: 0}
--- !u!1 &503657706
GameObject:
  m_ObjectHideFlags: 0
  m_PrefabParentObject: {fileID: 100028, guid: 11174d17e7f929f48acf2a9fe2de5535, type: 3}
  m_PrefabInternal: {fileID: 0}
  serializedVersion: 5
  m_Component:
  - component: {fileID: 503657707}
  m_Layer: 0
  m_Name: tb:Left_ThighJoint01
  m_TagString: Untagged
  m_Icon: {fileID: 0}
  m_NavMeshLayer: 0
  m_StaticEditorFlags: 0
  m_IsActive: 1
--- !u!4 &503657707
Transform:
  m_ObjectHideFlags: 0
  m_PrefabParentObject: {fileID: 400028, guid: 11174d17e7f929f48acf2a9fe2de5535, type: 3}
  m_PrefabInternal: {fileID: 0}
  m_GameObject: {fileID: 503657706}
  m_LocalRotation: {x: 0.6798746, y: 0.7333284, z: -6.0712304e-16, w: 5.6479273e-16}
  m_LocalPosition: {x: 0.002694966, y: -0.047902305, z: 0.15449297}
  m_LocalScale: {x: 1, y: 1, z: 1}
  m_Children:
  - {fileID: 791900626}
  m_Father: {fileID: 822333991}
  m_RootOrder: 0
  m_LocalEulerAnglesHint: {x: 0, y: 0, z: 0}
--- !u!1 &688240930
GameObject:
  m_ObjectHideFlags: 0
  m_PrefabParentObject: {fileID: 100050, guid: 11174d17e7f929f48acf2a9fe2de5535, type: 3}
  m_PrefabInternal: {fileID: 0}
  serializedVersion: 5
  m_Component:
  - component: {fileID: 688240931}
  m_Layer: 0
  m_Name: tb:RootJoint01
  m_TagString: Untagged
  m_Icon: {fileID: 0}
  m_NavMeshLayer: 0
  m_StaticEditorFlags: 0
  m_IsActive: 1
--- !u!4 &688240931
Transform:
  m_ObjectHideFlags: 0
  m_PrefabParentObject: {fileID: 400050, guid: 11174d17e7f929f48acf2a9fe2de5535, type: 3}
  m_PrefabInternal: {fileID: 0}
  m_GameObject: {fileID: 688240930}
  m_LocalRotation: {x: 0.48044342, y: -0.5188199, z: -0.48044342, w: 0.5188199}
  m_LocalPosition: {x: -0, y: 0.46096462, z: -0.0024980842}
  m_LocalScale: {x: 1, y: 1, z: 1}
  m_Children:
  - {fileID: 1118948031}
  - {fileID: 822333991}
  m_Father: {fileID: 389365608}
  m_RootOrder: 0
  m_LocalEulerAnglesHint: {x: 0, y: 0, z: 0}
--- !u!1 &693165697
GameObject:
  m_ObjectHideFlags: 0
  m_PrefabParentObject: {fileID: 100026, guid: 11174d17e7f929f48acf2a9fe2de5535, type: 3}
  m_PrefabInternal: {fileID: 0}
  serializedVersion: 5
  m_Component:
  - component: {fileID: 693165698}
  m_Layer: 0
  m_Name: tb:Left_ShoulderJoint01
  m_TagString: Untagged
  m_Icon: {fileID: 0}
  m_NavMeshLayer: 0
  m_StaticEditorFlags: 0
  m_IsActive: 1
--- !u!4 &693165698
Transform:
  m_ObjectHideFlags: 0
  m_PrefabParentObject: {fileID: 400026, guid: 11174d17e7f929f48acf2a9fe2de5535, type: 3}
  m_PrefabInternal: {fileID: 0}
  m_GameObject: {fileID: 693165697}
  m_LocalRotation: {x: -0.44851604, y: 0.54665655, z: 0.44851604, w: 0.54665655}
  m_LocalPosition: {x: -0.13323463, y: -0.010044155, z: 0.113522924}
  m_LocalScale: {x: 1, y: 1, z: 1}
  m_Children:
  - {fileID: 1000276863}
  m_Father: {fileID: 1118948031}
  m_RootOrder: 1
  m_LocalEulerAnglesHint: {x: 0, y: 0, z: 0}
--- !u!1 &755955069
GameObject:
  m_ObjectHideFlags: 0
  m_PrefabParentObject: {fileID: 100030, guid: 11174d17e7f929f48acf2a9fe2de5535, type: 3}
  m_PrefabInternal: {fileID: 0}
  serializedVersion: 5
  m_Component:
  - component: {fileID: 755955070}
  m_Layer: 0
  m_Name: tb:Left_ToeJoint01
  m_TagString: Untagged
  m_Icon: {fileID: 0}
  m_NavMeshLayer: 0
  m_StaticEditorFlags: 0
  m_IsActive: 1
--- !u!4 &755955070
Transform:
  m_ObjectHideFlags: 0
  m_PrefabParentObject: {fileID: 400030, guid: 11174d17e7f929f48acf2a9fe2de5535, type: 3}
  m_PrefabInternal: {fileID: 0}
  m_GameObject: {fileID: 755955069}
  m_LocalRotation: {x: 0, y: -0, z: -9.15934e-16, w: 1}
  m_LocalPosition: {x: -0.043673642, y: 0.03892453, z: 1.0937151e-17}
  m_LocalScale: {x: 1, y: 1, z: 1}
  m_Children: []
  m_Father: {fileID: 45319664}
  m_RootOrder: 0
  m_LocalEulerAnglesHint: {x: 0, y: 0, z: 0}
--- !u!1 &772956473
GameObject:
  m_ObjectHideFlags: 0
  m_PrefabParentObject: {fileID: 100040, guid: 11174d17e7f929f48acf2a9fe2de5535, type: 3}
  m_PrefabInternal: {fileID: 0}
  serializedVersion: 5
  m_Component:
  - component: {fileID: 772956474}
  m_Layer: 0
  m_Name: tb:Right_KneeJoint01
  m_TagString: Untagged
  m_Icon: {fileID: 0}
  m_NavMeshLayer: 0
  m_StaticEditorFlags: 0
  m_IsActive: 1
--- !u!4 &772956474
Transform:
  m_ObjectHideFlags: 0
  m_PrefabParentObject: {fileID: 400040, guid: 11174d17e7f929f48acf2a9fe2de5535, type: 3}
  m_PrefabInternal: {fileID: 0}
  m_GameObject: {fileID: 772956473}
  m_LocalRotation: {x: 0.011240086, y: -0.042146314, z: 0.25744027, w: 0.9653092}
  m_LocalPosition: {x: 0.19909889, y: -0.00000004834631, z: -7.638334e-16}
  m_LocalScale: {x: 1, y: 1, z: 1}
  m_Children:
  - {fileID: 806356458}
  m_Father: {fileID: 437990995}
  m_RootOrder: 0
  m_LocalEulerAnglesHint: {x: 0, y: 0, z: 0}
--- !u!1 &784043540
GameObject:
  m_ObjectHideFlags: 0
  m_PrefabParentObject: {fileID: 0}
  m_PrefabInternal: {fileID: 0}
  serializedVersion: 5
  m_Component:
  - component: {fileID: 784043545}
  - component: {fileID: 784043544}
  - component: {fileID: 784043543}
  - component: {fileID: 784043542}
  - component: {fileID: 784043541}
  - component: {fileID: 784043546}
  m_Layer: 0
  m_Name: SlowVolume
  m_TagString: Untagged
  m_Icon: {fileID: 0}
  m_NavMeshLayer: 0
  m_StaticEditorFlags: 0
  m_IsActive: 1
--- !u!114 &784043541
MonoBehaviour:
  m_ObjectHideFlags: 0
  m_PrefabParentObject: {fileID: 0}
  m_PrefabInternal: {fileID: 0}
  m_GameObject: {fileID: 784043540}
  m_Enabled: 1
  m_EditorHideFlags: 0
  m_Script: {fileID: 11500000, guid: 488d0de18c0ce1648aec0632a8bcaa40, type: 3}
  m_Name: 
  m_EditorClassIdentifier: 
--- !u!23 &784043542
MeshRenderer:
  m_ObjectHideFlags: 0
  m_PrefabParentObject: {fileID: 0}
  m_PrefabInternal: {fileID: 0}
  m_GameObject: {fileID: 784043540}
  m_Enabled: 0
  m_CastShadows: 1
  m_ReceiveShadows: 1
  m_DynamicOccludee: 1
  m_MotionVectors: 1
  m_LightProbeUsage: 1
  m_ReflectionProbeUsage: 1
  m_Materials:
  - {fileID: 10303, guid: 0000000000000000f000000000000000, type: 0}
  m_StaticBatchInfo:
    firstSubMesh: 0
    subMeshCount: 0
  m_StaticBatchRoot: {fileID: 0}
  m_ProbeAnchor: {fileID: 0}
  m_LightProbeVolumeOverride: {fileID: 0}
  m_ScaleInLightmap: 1
  m_PreserveUVs: 1
  m_IgnoreNormalsForChartDetection: 0
  m_ImportantGI: 0
  m_StitchLightmapSeams: 0
  m_SelectedEditorRenderState: 3
  m_MinimumChartSize: 4
  m_AutoUVMaxDistance: 0.5
  m_AutoUVMaxAngle: 89
  m_LightmapParameters: {fileID: 0}
  m_SortingLayerID: 0
  m_SortingLayer: 0
  m_SortingOrder: 0
--- !u!65 &784043543
BoxCollider:
  m_ObjectHideFlags: 0
  m_PrefabParentObject: {fileID: 0}
  m_PrefabInternal: {fileID: 0}
  m_GameObject: {fileID: 784043540}
  m_Material: {fileID: 0}
  m_IsTrigger: 1
  m_Enabled: 1
  serializedVersion: 2
  m_Size: {x: 1, y: 1, z: 1}
  m_Center: {x: 0, y: 0, z: 0}
--- !u!33 &784043544
MeshFilter:
  m_ObjectHideFlags: 0
  m_PrefabParentObject: {fileID: 0}
  m_PrefabInternal: {fileID: 0}
  m_GameObject: {fileID: 784043540}
  m_Mesh: {fileID: 10202, guid: 0000000000000000e000000000000000, type: 0}
--- !u!4 &784043545
Transform:
  m_ObjectHideFlags: 0
  m_PrefabParentObject: {fileID: 0}
  m_PrefabInternal: {fileID: 0}
  m_GameObject: {fileID: 784043540}
  m_LocalRotation: {x: 0, y: 0, z: 0, w: 1}
  m_LocalPosition: {x: -3.5349998, y: 1.063, z: -7.0000014}
  m_LocalScale: {x: 0.25, y: 0.25, z: 0.25}
  m_Children: []
  m_Father: {fileID: 0}
  m_RootOrder: 6
  m_LocalEulerAnglesHint: {x: 0, y: 0, z: 0}
--- !u!54 &784043546
Rigidbody:
  m_ObjectHideFlags: 0
  m_PrefabParentObject: {fileID: 0}
  m_PrefabInternal: {fileID: 0}
  m_GameObject: {fileID: 784043540}
  serializedVersion: 2
  m_Mass: 1
  m_Drag: 0
  m_AngularDrag: 0.05
  m_UseGravity: 1
  m_IsKinematic: 1
  m_Interpolate: 0
  m_Constraints: 0
  m_CollisionDetection: 0
--- !u!1 &791900625
GameObject:
  m_ObjectHideFlags: 0
  m_PrefabParentObject: {fileID: 100024, guid: 11174d17e7f929f48acf2a9fe2de5535, type: 3}
  m_PrefabInternal: {fileID: 0}
  serializedVersion: 5
  m_Component:
  - component: {fileID: 791900626}
  m_Layer: 0
  m_Name: tb:Left_KneeJoint01
  m_TagString: Untagged
  m_Icon: {fileID: 0}
  m_NavMeshLayer: 0
  m_StaticEditorFlags: 0
  m_IsActive: 1
--- !u!4 &791900626
Transform:
  m_ObjectHideFlags: 0
  m_PrefabParentObject: {fileID: 400024, guid: 11174d17e7f929f48acf2a9fe2de5535, type: 3}
  m_PrefabInternal: {fileID: 0}
  m_GameObject: {fileID: 791900625}
  m_LocalRotation: {x: -2.220446e-16, y: 1.8041124e-16, z: -5.89806e-17, w: 1}
  m_LocalPosition: {x: -0.1990991, y: -4.4408918e-17, z: 1.0658141e-16}
  m_LocalScale: {x: 1, y: 1, z: 1}
  m_Children:
  - {fileID: 45319664}
  m_Father: {fileID: 503657707}
  m_RootOrder: 0
  m_LocalEulerAnglesHint: {x: 0, y: 0, z: 0}
--- !u!1 &806356457
GameObject:
  m_ObjectHideFlags: 0
  m_PrefabParentObject: {fileID: 100034, guid: 11174d17e7f929f48acf2a9fe2de5535, type: 3}
  m_PrefabInternal: {fileID: 0}
  serializedVersion: 5
  m_Component:
  - component: {fileID: 806356458}
  m_Layer: 0
  m_Name: tb:Right_AnkleJoint01
  m_TagString: Untagged
  m_Icon: {fileID: 0}
  m_NavMeshLayer: 0
  m_StaticEditorFlags: 0
  m_IsActive: 1
--- !u!4 &806356458
Transform:
  m_ObjectHideFlags: 0
  m_PrefabParentObject: {fileID: 400034, guid: 11174d17e7f929f48acf2a9fe2de5535, type: 3}
  m_PrefabInternal: {fileID: 0}
  m_GameObject: {fileID: 806356457}
  m_LocalRotation: {x: -0.024392748, y: 0.036161378, z: -0.5586859, w: 0.8282315}
  m_LocalPosition: {x: 0.16275832, y: -0.0024606925, z: -0.00036370748}
  m_LocalScale: {x: 1, y: 1, z: 1}
  m_Children:
  - {fileID: 1794091916}
  m_Father: {fileID: 772956474}
  m_RootOrder: 0
  m_LocalEulerAnglesHint: {x: 0, y: 0, z: 0}
--- !u!1 &822333990
GameObject:
  m_ObjectHideFlags: 0
  m_PrefabParentObject: {fileID: 100016, guid: 11174d17e7f929f48acf2a9fe2de5535, type: 3}
  m_PrefabInternal: {fileID: 0}
  serializedVersion: 5
  m_Component:
  - component: {fileID: 822333991}
  m_Layer: 0
  m_Name: tb:HipJoint01
  m_TagString: Untagged
  m_Icon: {fileID: 0}
  m_NavMeshLayer: 0
  m_StaticEditorFlags: 0
  m_IsActive: 1
--- !u!4 &822333991
Transform:
  m_ObjectHideFlags: 0
  m_PrefabParentObject: {fileID: 400016, guid: 11174d17e7f929f48acf2a9fe2de5535, type: 3}
  m_PrefabInternal: {fileID: 0}
  m_GameObject: {fileID: 822333990}
  m_LocalRotation: {x: 0, y: 0, z: 0.6794496, w: 0.7337222}
  m_LocalPosition: {x: -0.04682069, y: 0.0015306138, z: -1.0056416e-17}
  m_LocalScale: {x: 1, y: 1, z: 1}
  m_Children:
  - {fileID: 503657707}
  - {fileID: 437990995}
  m_Father: {fileID: 688240931}
  m_RootOrder: 1
  m_LocalEulerAnglesHint: {x: 0, y: 0, z: 0}
--- !u!1 &1000276862
GameObject:
  m_ObjectHideFlags: 0
  m_PrefabParentObject: {fileID: 100020, guid: 11174d17e7f929f48acf2a9fe2de5535, type: 3}
  m_PrefabInternal: {fileID: 0}
  serializedVersion: 5
  m_Component:
  - component: {fileID: 1000276863}
  m_Layer: 0
  m_Name: tb:Left_ArmJoint01
  m_TagString: Untagged
  m_Icon: {fileID: 0}
  m_NavMeshLayer: 0
  m_StaticEditorFlags: 0
  m_IsActive: 1
--- !u!4 &1000276863
Transform:
  m_ObjectHideFlags: 0
  m_PrefabParentObject: {fileID: 400020, guid: 11174d17e7f929f48acf2a9fe2de5535, type: 3}
  m_PrefabInternal: {fileID: 0}
  m_GameObject: {fileID: 1000276862}
  m_LocalRotation: {x: -0.017300699, y: -0.041090228, z: 0.024293788, w: 0.9987102}
  m_LocalPosition: {x: -0.07078988, y: -0.008078394, z: 0}
  m_LocalScale: {x: 1, y: 1, z: 1}
  m_Children:
  - {fileID: 2008537738}
  m_Father: {fileID: 693165698}
  m_RootOrder: 0
  m_LocalEulerAnglesHint: {x: 0, y: 0, z: 0}
--- !u!1 &1118948030
GameObject:
  m_ObjectHideFlags: 0
  m_PrefabParentObject: {fileID: 100012, guid: 11174d17e7f929f48acf2a9fe2de5535, type: 3}
  m_PrefabInternal: {fileID: 0}
  serializedVersion: 5
  m_Component:
  - component: {fileID: 1118948031}
  m_Layer: 0
  m_Name: tb:ChestJoint01
  m_TagString: Untagged
  m_Icon: {fileID: 0}
  m_NavMeshLayer: 0
  m_StaticEditorFlags: 0
  m_IsActive: 1
--- !u!4 &1118948031
Transform:
  m_ObjectHideFlags: 0
  m_PrefabParentObject: {fileID: 400012, guid: 11174d17e7f929f48acf2a9fe2de5535, type: 3}
  m_PrefabInternal: {fileID: 0}
  m_GameObject: {fileID: 1118948030}
  m_LocalRotation: {x: 0, y: 0, z: 0.059876956, w: 0.9982058}
  m_LocalPosition: {x: -0.14064334, y: -7.001391e-18, z: -3.1229096e-17}
  m_LocalScale: {x: 1, y: 1, z: 1}
  m_Children:
  - {fileID: 396369181}
  - {fileID: 693165698}
  - {fileID: 1340284885}
  m_Father: {fileID: 688240931}
  m_RootOrder: 0
  m_LocalEulerAnglesHint: {x: 0, y: 0, z: 0}
--- !u!1 &1166967082
GameObject:
  m_ObjectHideFlags: 0
  m_PrefabParentObject: {fileID: 100038, guid: 11174d17e7f929f48acf2a9fe2de5535, type: 3}
  m_PrefabInternal: {fileID: 0}
  serializedVersion: 5
  m_Component:
  - component: {fileID: 1166967083}
  m_Layer: 0
  m_Name: tb:Right_ElbowJoint01
  m_TagString: Untagged
  m_Icon: {fileID: 0}
  m_NavMeshLayer: 0
  m_StaticEditorFlags: 0
  m_IsActive: 1
--- !u!4 &1166967083
Transform:
  m_ObjectHideFlags: 0
  m_PrefabParentObject: {fileID: 400038, guid: 11174d17e7f929f48acf2a9fe2de5535, type: 3}
  m_PrefabInternal: {fileID: 0}
  m_GameObject: {fileID: 1166967082}
  m_LocalRotation: {x: 0.7450758, y: -0.019430285, z: -0.20880441, w: 0.6331549}
  m_LocalPosition: {x: 0.1483732, y: -0.0040118694, z: 0.008885919}
  m_LocalScale: {x: 1, y: 1, z: 1}
  m_Children:
  - {fileID: 1716092037}
  m_Father: {fileID: 212099494}
  m_RootOrder: 0
  m_LocalEulerAnglesHint: {x: 0, y: 0, z: 0}
--- !u!1 &1340284884
GameObject:
  m_ObjectHideFlags: 0
  m_PrefabParentObject: {fileID: 100042, guid: 11174d17e7f929f48acf2a9fe2de5535, type: 3}
  m_PrefabInternal: {fileID: 0}
  serializedVersion: 5
  m_Component:
  - component: {fileID: 1340284885}
  m_Layer: 0
  m_Name: tb:Right_ShoulderJoint01
  m_TagString: Untagged
  m_Icon: {fileID: 0}
  m_NavMeshLayer: 0
  m_StaticEditorFlags: 0
  m_IsActive: 1
--- !u!4 &1340284885
Transform:
  m_ObjectHideFlags: 0
  m_PrefabParentObject: {fileID: 400042, guid: 11174d17e7f929f48acf2a9fe2de5535, type: 3}
  m_PrefabInternal: {fileID: 0}
  m_GameObject: {fileID: 1340284884}
  m_LocalRotation: {x: -0.50521827, y: -0.4947267, z: 0.58388275, w: -0.3988495}
  m_LocalPosition: {x: -0.13323478, y: -0.01004413, z: -0.11352299}
  m_LocalScale: {x: 1, y: 1, z: 1}
  m_Children:
  - {fileID: 212099494}
  m_Father: {fileID: 1118948031}
  m_RootOrder: 2
  m_LocalEulerAnglesHint: {x: 0, y: 0, z: 0}
--- !u!1 &1625846174
GameObject:
  m_ObjectHideFlags: 0
  m_PrefabParentObject: {fileID: 100032, guid: 11174d17e7f929f48acf2a9fe2de5535, type: 3}
  m_PrefabInternal: {fileID: 0}
  serializedVersion: 5
  m_Component:
  - component: {fileID: 1625846175}
  m_Layer: 0
  m_Name: tb:Left_WristJoint01
  m_TagString: Untagged
  m_Icon: {fileID: 0}
  m_NavMeshLayer: 0
  m_StaticEditorFlags: 0
  m_IsActive: 1
--- !u!4 &1625846175
Transform:
  m_ObjectHideFlags: 0
  m_PrefabParentObject: {fileID: 400032, guid: 11174d17e7f929f48acf2a9fe2de5535, type: 3}
  m_PrefabInternal: {fileID: 0}
  m_GameObject: {fileID: 1625846174}
  m_LocalRotation: {x: -0.019915178, y: -0.097491845, z: -0.19914892, w: 0.97490436}
  m_LocalPosition: {x: -0.10451553, y: -0.003166962, z: 0.0070058475}
  m_LocalScale: {x: 1, y: 1, z: 1}
  m_Children: []
  m_Father: {fileID: 2008537738}
  m_RootOrder: 0
  m_LocalEulerAnglesHint: {x: 0, y: 0, z: 0}
--- !u!1 &1673027019
GameObject:
  m_ObjectHideFlags: 0
  m_PrefabParentObject: {fileID: 0}
  m_PrefabInternal: {fileID: 0}
  serializedVersion: 5
  m_Component:
  - component: {fileID: 1673027021}
  - component: {fileID: 1673027020}
  m_Layer: 0
  m_Name: Master
  m_TagString: Untagged
  m_Icon: {fileID: 0}
  m_NavMeshLayer: 0
  m_StaticEditorFlags: 0
  m_IsActive: 1
--- !u!114 &1673027020
MonoBehaviour:
  m_ObjectHideFlags: 0
  m_PrefabParentObject: {fileID: 0}
  m_PrefabInternal: {fileID: 0}
  m_GameObject: {fileID: 1673027019}
  m_Enabled: 1
  m_EditorHideFlags: 0
  m_Script: {fileID: 11500000, guid: 9ef267f207ff7124bafd8555400d8e5a, type: 3}
  m_Name: 
  m_EditorClassIdentifier: 
  animators:
  - {fileID: 53805829}
  - {fileID: 1765105686}
  - {fileID: 1797061992}
  - {fileID: 389365607}
  - {fileID: 388397495}
--- !u!4 &1673027021
Transform:
  m_ObjectHideFlags: 0
  m_PrefabParentObject: {fileID: 0}
  m_PrefabInternal: {fileID: 0}
  m_GameObject: {fileID: 1673027019}
  m_LocalRotation: {x: 0, y: 0, z: 0, w: 1}
  m_LocalPosition: {x: 0.00000011920929, y: 0.80641425, z: -0.93635774}
  m_LocalScale: {x: 1, y: 1, z: 1}
  m_Children: []
  m_Father: {fileID: 0}
  m_RootOrder: 5
  m_LocalEulerAnglesHint: {x: 0, y: 0, z: 0}
--- !u!1 &1673799379
GameObject:
  m_ObjectHideFlags: 0
  m_PrefabParentObject: {fileID: 0}
  m_PrefabInternal: {fileID: 0}
  serializedVersion: 5
  m_Component:
  - component: {fileID: 1673799381}
  - component: {fileID: 1673799380}
  m_Layer: 0
  m_Name: Directional Light
  m_TagString: Untagged
  m_Icon: {fileID: 0}
  m_NavMeshLayer: 0
  m_StaticEditorFlags: 0
  m_IsActive: 1
--- !u!108 &1673799380
Light:
  m_ObjectHideFlags: 0
  m_PrefabParentObject: {fileID: 0}
  m_PrefabInternal: {fileID: 0}
  m_GameObject: {fileID: 1673799379}
  m_Enabled: 1
  serializedVersion: 8
  m_Type: 1
  m_Color: {r: 1, g: 0.95686275, b: 0.8392157, a: 1}
  m_Intensity: 1
  m_Range: 10
  m_SpotAngle: 30
  m_CookieSize: 10
  m_Shadows:
    m_Type: 2
    m_Resolution: -1
    m_CustomResolution: -1
    m_Strength: 1
    m_Bias: 0.05
    m_NormalBias: 0.4
    m_NearPlane: 0.2
  m_Cookie: {fileID: 0}
  m_DrawHalo: 0
  m_Flare: {fileID: 0}
  m_RenderMode: 0
  m_CullingMask:
    serializedVersion: 2
    m_Bits: 4294967295
  m_Lightmapping: 4
  m_AreaSize: {x: 1, y: 1}
  m_BounceIntensity: 1
  m_ColorTemperature: 6570
  m_UseColorTemperature: 0
  m_ShadowRadius: 0
  m_ShadowAngle: 0
--- !u!4 &1673799381
Transform:
  m_ObjectHideFlags: 0
  m_PrefabParentObject: {fileID: 0}
  m_PrefabInternal: {fileID: 0}
  m_GameObject: {fileID: 1673799379}
  m_LocalRotation: {x: 0.40821788, y: -0.23456968, z: 0.10938163, w: 0.8754261}
  m_LocalPosition: {x: 0, y: 3, z: 0}
  m_LocalScale: {x: 1, y: 1, z: 1}
  m_Children: []
  m_Father: {fileID: 0}
  m_RootOrder: 4
  m_LocalEulerAnglesHint: {x: 50, y: -30, z: 0}
--- !u!1 &1716092036
GameObject:
  m_ObjectHideFlags: 0
  m_PrefabParentObject: {fileID: 100048, guid: 11174d17e7f929f48acf2a9fe2de5535, type: 3}
  m_PrefabInternal: {fileID: 0}
  serializedVersion: 5
  m_Component:
  - component: {fileID: 1716092037}
  m_Layer: 0
  m_Name: tb:Right_WristJoint01
  m_TagString: Untagged
  m_Icon: {fileID: 0}
  m_NavMeshLayer: 0
  m_StaticEditorFlags: 0
  m_IsActive: 1
--- !u!4 &1716092037
Transform:
  m_ObjectHideFlags: 0
  m_PrefabParentObject: {fileID: 400048, guid: 11174d17e7f929f48acf2a9fe2de5535, type: 3}
  m_PrefabInternal: {fileID: 0}
  m_GameObject: {fileID: 1716092036}
  m_LocalRotation: {x: -0.70349973, y: -0.05300754, z: 0.054088965, w: 0.70664895}
  m_LocalPosition: {x: 0.10472901, y: 0.00065206614, z: -0.0037415023}
  m_LocalScale: {x: 1, y: 1, z: 1}
  m_Children: []
  m_Father: {fileID: 1166967083}
  m_RootOrder: 0
  m_LocalEulerAnglesHint: {x: 0, y: 0, z: 0}
--- !u!95 &1765105686 stripped
Animator:
  m_PrefabParentObject: {fileID: 9500000, guid: fdccc3c9c3ae33f449476cfa8de48fe5,
    type: 3}
  m_PrefabInternal: {fileID: 478586179}
--- !u!1 &1794091915
GameObject:
  m_ObjectHideFlags: 0
  m_PrefabParentObject: {fileID: 100046, guid: 11174d17e7f929f48acf2a9fe2de5535, type: 3}
  m_PrefabInternal: {fileID: 0}
  serializedVersion: 5
  m_Component:
  - component: {fileID: 1794091916}
  m_Layer: 0
  m_Name: tb:Right_ToeJoint01
  m_TagString: Untagged
  m_Icon: {fileID: 0}
  m_NavMeshLayer: 0
  m_StaticEditorFlags: 0
  m_IsActive: 1
--- !u!4 &1794091916
Transform:
  m_ObjectHideFlags: 0
  m_PrefabParentObject: {fileID: 400046, guid: 11174d17e7f929f48acf2a9fe2de5535, type: 3}
  m_PrefabInternal: {fileID: 0}
  m_GameObject: {fileID: 1794091915}
  m_LocalRotation: {x: -4.3531985e-16, y: 1.8826917e-16, z: -0.049402334, w: 0.998779}
  m_LocalPosition: {x: 0.058388855, y: -0.0036440012, z: -3.5527136e-17}
  m_LocalScale: {x: 1, y: 1, z: 1}
  m_Children: []
  m_Father: {fileID: 806356458}
  m_RootOrder: 0
  m_LocalEulerAnglesHint: {x: 0, y: 0, z: 0}
--- !u!1 &1797061987
GameObject:
  m_ObjectHideFlags: 0
  m_PrefabParentObject: {fileID: 0}
  m_PrefabInternal: {fileID: 0}
  serializedVersion: 5
  m_Component:
  - component: {fileID: 1797061991}
  - component: {fileID: 1797061990}
  - component: {fileID: 1797061989}
  - component: {fileID: 1797061988}
  - component: {fileID: 1797061992}
  m_Layer: 0
  m_Name: Main Camera
  m_TagString: MainCamera
  m_Icon: {fileID: 0}
  m_NavMeshLayer: 0
  m_StaticEditorFlags: 0
  m_IsActive: 1
--- !u!81 &1797061988
AudioListener:
  m_ObjectHideFlags: 0
  m_PrefabParentObject: {fileID: 0}
  m_PrefabInternal: {fileID: 0}
  m_GameObject: {fileID: 1797061987}
  m_Enabled: 1
--- !u!124 &1797061989
Behaviour:
  m_ObjectHideFlags: 0
  m_PrefabParentObject: {fileID: 0}
  m_PrefabInternal: {fileID: 0}
  m_GameObject: {fileID: 1797061987}
  m_Enabled: 1
--- !u!20 &1797061990
Camera:
  m_ObjectHideFlags: 0
  m_PrefabParentObject: {fileID: 0}
  m_PrefabInternal: {fileID: 0}
  m_GameObject: {fileID: 1797061987}
  m_Enabled: 1
  serializedVersion: 2
  m_ClearFlags: 1
  m_BackGroundColor: {r: 0.19215687, g: 0.3019608, b: 0.4745098, a: 0}
  m_NormalizedViewPortRect:
    serializedVersion: 2
    x: 0
    y: 0
    width: 1
    height: 1
  near clip plane: 0.3
  far clip plane: 1000
  field of view: 60
  orthographic: 0
  orthographic size: 5
  m_Depth: -1
  m_CullingMask:
    serializedVersion: 2
    m_Bits: 4294967295
  m_RenderingPath: -1
  m_TargetTexture: {fileID: 0}
  m_TargetDisplay: 0
  m_TargetEye: 3
  m_HDR: 1
  m_AllowMSAA: 1
  m_AllowDynamicResolution: 0
  m_ForceIntoRT: 0
  m_OcclusionCulling: 1
  m_StereoConvergence: 10
  m_StereoSeparation: 0.022
--- !u!4 &1797061991
Transform:
  m_ObjectHideFlags: 0
  m_PrefabParentObject: {fileID: 0}
  m_PrefabInternal: {fileID: 0}
  m_GameObject: {fileID: 1797061987}
  m_LocalRotation: {x: 0, y: 0, z: 0, w: 1}
  m_LocalPosition: {x: 0, y: 1, z: -10}
  m_LocalScale: {x: 1, y: 1, z: 1}
  m_Children: []
  m_Father: {fileID: 0}
  m_RootOrder: 0
  m_LocalEulerAnglesHint: {x: 0, y: 0, z: 0}
--- !u!95 &1797061992
Animator:
  serializedVersion: 3
  m_ObjectHideFlags: 0
  m_PrefabParentObject: {fileID: 0}
  m_PrefabInternal: {fileID: 0}
  m_GameObject: {fileID: 1797061987}
  m_Enabled: 1
  m_Avatar: {fileID: 0}
  m_Controller: {fileID: 9100000, guid: a0503de4839c2c24783bf6e11ab5bd51, type: 2}
  m_CullingMode: 0
  m_UpdateMode: 0
  m_ApplyRootMotion: 0
  m_LinearVelocityBlending: 0
  m_WarningMessage: 
  m_HasTransformHierarchy: 1
  m_AllowConstantClipSamplingOptimization: 1
--- !u!1 &2008537737
GameObject:
  m_ObjectHideFlags: 0
  m_PrefabParentObject: {fileID: 100022, guid: 11174d17e7f929f48acf2a9fe2de5535, type: 3}
  m_PrefabInternal: {fileID: 0}
  serializedVersion: 5
  m_Component:
  - component: {fileID: 2008537738}
  m_Layer: 0
  m_Name: tb:Left_ElbowJoint01
  m_TagString: Untagged
  m_Icon: {fileID: 0}
  m_NavMeshLayer: 0
  m_StaticEditorFlags: 0
  m_IsActive: 1
--- !u!4 &2008537738
Transform:
  m_ObjectHideFlags: 0
  m_PrefabParentObject: {fileID: 400022, guid: 11174d17e7f929f48acf2a9fe2de5535, type: 3}
  m_PrefabInternal: {fileID: 0}
  m_GameObject: {fileID: 2008537737}
  m_LocalRotation: {x: 0.06147504, y: 0.07047518, z: -0.06912855, w: 0.99321467}
  m_LocalPosition: {x: -0.14806104, y: 0.0023029135, z: -0.013507312}
  m_LocalScale: {x: 1, y: 1, z: 1}
  m_Children:
  - {fileID: 1625846175}
  m_Father: {fileID: 1000276863}
  m_RootOrder: 0
  m_LocalEulerAnglesHint: {x: 0, y: 0, z: 0}
--- !u!1001 &2042389746
Prefab:
  m_ObjectHideFlags: 0
  serializedVersion: 2
  m_Modification:
    m_TransformParent: {fileID: 0}
    m_Modifications:
    - target: {fileID: 400000, guid: 97f8654d381e1cf4eb262009dc8123a9, type: 3}
      propertyPath: m_LocalPosition.x
      value: -4.285
      objectReference: {fileID: 0}
    - target: {fileID: 400000, guid: 97f8654d381e1cf4eb262009dc8123a9, type: 3}
      propertyPath: m_LocalPosition.y
      value: 0
      objectReference: {fileID: 0}
    - target: {fileID: 400000, guid: 97f8654d381e1cf4eb262009dc8123a9, type: 3}
      propertyPath: m_LocalPosition.z
      value: -6.73
      objectReference: {fileID: 0}
    - target: {fileID: 400000, guid: 97f8654d381e1cf4eb262009dc8123a9, type: 3}
      propertyPath: m_LocalRotation.x
      value: -0
      objectReference: {fileID: 0}
    - target: {fileID: 400000, guid: 97f8654d381e1cf4eb262009dc8123a9, type: 3}
      propertyPath: m_LocalRotation.y
      value: 0.70710576
      objectReference: {fileID: 0}
    - target: {fileID: 400000, guid: 97f8654d381e1cf4eb262009dc8123a9, type: 3}
      propertyPath: m_LocalRotation.z
      value: -0
      objectReference: {fileID: 0}
    - target: {fileID: 400000, guid: 97f8654d381e1cf4eb262009dc8123a9, type: 3}
      propertyPath: m_LocalRotation.w
      value: 0.70710784
      objectReference: {fileID: 0}
    - target: {fileID: 400000, guid: 97f8654d381e1cf4eb262009dc8123a9, type: 3}
      propertyPath: m_RootOrder
      value: 3
      objectReference: {fileID: 0}
    - target: {fileID: 400000, guid: 97f8654d381e1cf4eb262009dc8123a9, type: 3}
      propertyPath: m_LocalEulerAnglesHint.y
      value: 90.00001
      objectReference: {fileID: 0}
    - target: {fileID: 9500000, guid: 97f8654d381e1cf4eb262009dc8123a9, type: 3}
      propertyPath: m_Controller
      value: 
      objectReference: {fileID: 9100000, guid: 4a0c80e224cfcdf44a58539ec94cb3b6, type: 2}
    m_RemovedComponents: []
  m_ParentPrefab: {fileID: 100100000, guid: 97f8654d381e1cf4eb262009dc8123a9, type: 3}
  m_IsPrefabParent: 0
